% This file was created with JabRef 2.10b2.
% Encoding: UTF-8


@Article{blinder1973wage,
  Title                    = {Wage discrimination: reduced form and structural estimates},
  Author                   = {Blinder, Alan S},
  Journal                  = {Journal of Human resources},
  Number                   = {4},
  Pages                    = {436--455},
  Volume                   = {8}
}

@Article{caswell1989analysis,
  Title                    = {Analysis of life table response experiments I. Decomposition of effects on population growth rate},
  Author                   = {Caswell, Hal},
  Journal                  = {Ecological Modelling},
  Year                     = {1989},
  Number                   = {3-4},
  Pages                    = {221--237},
  Volume                   = {46},

  Publisher                = {Elsevier}
}

@Unpublished{dudel2018b,
  Title                    = {Estimating the expected number and length of episodes using Markov chains with rewards},
  Author                   = {Dudel, C. and Myrskyl{\"a}, M.},
  Note                     = {(under review)},
  Year                     = {2018},

  Owner                    = {tim},
  Timestamp                = {2017.10.27}
}

@Article{Dudel2017,
  Title                    = {Working Life Expectancy at Age 50 in the United States and the Impact of the Great Recession},
  Author                   = {Dudel, Christian and Myrskyl{\"a}, Mikko},
  Journal                  = {Demography},
  Year                     = {2017},

  Month                    = {Oct},

  Day                      = {10},
  Doi                      = {10.1007/s13524-017-0619-6},
  ISSN                     = {1533-7790},
  Url                      = {https://doi.org/10.1007/s13524-017-0619-6}
}

@Article{horiuchi2008,
  Title                    = {A decomposition method based on a model of continuous change},
  Author                   = {Horiuchi, Shiro and Wilmoth, John R and Pletcher, Scott D},
  Journal                  = {Demography},
  Year                     = {2008},
  Number                   = {4},
  Pages                    = {785--801},
  Volume                   = {45},

  Publisher                = {Springer}
}

@Article{laditka1998new,
  Title                    = {New methods for analyzing active life expectancy},
  Author                   = {Laditka, Sarah B and Wolf, Douglas A},
  Journal                  = {Journal of Aging and Health},
  Year                     = {1998},
  Number                   = {2},
  Pages                    = {214--241},
  Volume                   = {10},

  Publisher                = {Sage Publications Sage CA: Thousand Oaks, CA}
}

@Unpublished{riffe2018arrow,
  Title                    = {Flow decompositions in multistate Markov models},
  Author                   = {Tim Riffe},
  Note                     = {manuscript in preparation},
  Year                     = {2018},

  Owner                    = {tim},
  Timestamp                = {2018.06.15},
  Url                      = {https://github.com/timriffe/ArrowDecomp}
}

@Unpublished{riffespells2018,
  Title                    = {Alignment, clocking, and macro patterns of episodes in the life course},
  Author                   = {Tim Riffe},
  Note                     = {manuscript in preparation},
  Year                     = {2018},

  Owner                    = {tim},
  Timestamp                = {2018.06.15},
  Url                      = {https://github.com/timriffe/Spells}
}

@Unpublished{riffe2018hledecomp,
  Title                    = {Healthy lives: Delayed onset, improved recovery, or mortality change?},
  Author                   = {Riffe, Tim and Mehta, Neil and Schneider, Daniel and Myrskyl\"a, Mikko},
  Note                     = {manuscript in preparation},
  Year                     = {2018},

  Owner                    = {tim},
  Timestamp                = {2018.06.15},
  Url                      = {https://github.com/timriffe/hledecomp}
}

@Article{spedicato2017,
  Title                    = {Discrete Time Markov Chains with R},
  Author                   = {Giorgio Alfredo Spedicato},
  Journal                  = {The R Journal},
  Year                     = {2017},

  Month                    = {07},
  Note                     = {R package version 0.6.9.7},

  Url                      = {https://journal.r-project.org/archive/2017/RJ-2017-036/index.html}
}

